@article{SMT,
    author = "Clark Barrett, Roberto Sebastiani, Sanjit A. Seshia and Cesare Tinelli",
    title = "Satisfiability Modulo Theories",
    url  = "https://people.eecs.berkeley.edu/~sseshia/pubdir/SMT-BookChapter.pdf",
    keywords = "SMT"
}

@article{microsoft,
    author = {Godefroid, Patrice and Levin, Michael Y. and Molnar, David},
    title = {SAGE: Whitebox Fuzzing for Security Testing},
    year = {2012},
    issue_date = {January 2012},
    publisher = {Association for Computing Machinery},
    address = {New York, NY, USA},
    volume = {10},
    number = {1},
    issn = {1542-7730},
    url = {https://doi.org/10.1145/2090147.2094081},
    doi = {10.1145/2090147.2094081},
    journal = {Queue},
    month = jan,
    pages = {20–27},
    numpages = {8}
}

@inproceedings{klee,
  title={KLEE: Unassisted and Automatic Generation of High-Coverage Tests for Complex Systems Programs},
  author={Cristian Cadar and D. Dunbar and D. Engler},
  booktitle={OSDI},
  year={2008}
}

@INPROCEEDINGS{mayhem,
  author={S. K. {Cha} and T. {Avgerinos} and A. {Rebert} and D. {Brumley}},
  booktitle={2012 IEEE Symposium on Security and Privacy}, 
  title={Unleashing Mayhem on Binary Code}, 
  year={2012},
  volume={},
  number={},
  pages={380-394},
}

@article{s2e,
author = {Chipounov, Vitaly and Kuznetsov, Volodymyr and Candea, George},
title = {The S2E Platform: Design, Implementation, and Applications},
year = {2012},
issue_date = {February 2012},
publisher = {Association for Computing Machinery},
address = {New York, NY, USA},
volume = {30},
number = {1},
issn = {0734-2071},
url = {https://doi.org/10.1145/2110356.2110358},
doi = {10.1145/2110356.2110358},
journal = {ACM Trans. Comput. Syst.},
month = feb,
articleno = {2},
numpages = {49},
keywords = {Symbolic execution, testing, profiling, analysis}
}

@inproceedings{aeg,
  title={AEG: Automatic Exploit Generation},
  author={Thanassis Avgerinos and Sang Kil Cha and Brent Lim Tze Hao and David Brumley},
  booktitle={NDSS},
  year={2011}
}

@inproceedings{sage,
  title={Automated Whitebox Fuzz Testing},
  author={Patrice Godefroid and Michael Y. Levin and David A. Molnar},
  booktitle={NDSS},
  year={2008}
}

@inproceedings{10.1145/1065010.1065036,
author = {Godefroid, Patrice and Klarlund, Nils and Sen, Koushik},
title = {DART: Directed Automated Random Testing},
year = {2005},
isbn = {1595930566},
publisher = {Association for Computing Machinery},
address = {New York, NY, USA},
url = {https://doi.org/10.1145/1065010.1065036},
doi = {10.1145/1065010.1065036},
booktitle = {Proceedings of the 2005 ACM SIGPLAN Conference on Programming Language Design and Implementation},
pages = {213–223},
numpages = {11},
keywords = {interfaces, automated test generation, software testing, random testing, program verification},
location = {Chicago, IL, USA},
series = {PLDI ’05}
}

@article{dart,
author = {Godefroid, Patrice and Klarlund, Nils and Sen, Koushik},
title = {DART: Directed Automated Random Testing},
year = {2005},
issue_date = {June 2005},
publisher = {Association for Computing Machinery},
address = {New York, NY, USA},
volume = {40},
number = {6},
issn = {0362-1340},
url = {https://doi.org/10.1145/1064978.1065036},
doi = {10.1145/1064978.1065036},
journal = {SIGPLAN Not.},
month = jun,
pages = {213–223},
numpages = {11},
keywords = {automated test generation, random testing, interfaces, software testing, program verification}
}